@inproceedings{Weil:2007:RSR:1374596.1374606,
 author = {Weil, Sage A. and Leung, Andrew W. and Brandt, Scott A. and Maltzahn, Carlos},
 title = {RADOS: A Scalable, Reliable Storage Service for Petabyte-scale Storage Clusters},
 booktitle = {Proceedings of the 2Nd International Workshop on Petascale Data Storage: Held in Conjunction with Supercomputing '07},
 series = {PDSW '07},
 year = {2007},
 isbn = {978-1-59593-899-2},
 location = {Reno, Nevada},
 pages = {35--44},
 numpages = {10},
 url = {https://ceph.com/wp-content/uploads/2016/08/weil-rados-pdsw07.pdf},
 doi = {10.1145/1374596.1374606},
 acmid = {1374606},
 publisher = {ACM},
 address = {New York, NY, USA},
 keywords = {clustered storage, object-based storage, petabyte-scale storage},
} 

@inproceedings{weil2006ceph,
  title={Ceph: A scalable, high-performance distributed file system},
  author={Weil, Sage A. and Brandt, Scott A. and Miller, Ethan L. and Long, Darrell de and Maltzahn, Carlos},
  booktitle={Proceedings of the 7th symposium on Operating systems design and implementation},
  pages={307--320},
  year={2006},
  organization={USENIX Association}
}

@book{singh2015learning,
  title={Learning Ceph},
  author={Singh, Karan},
  year={2015},
  publisher={Packt Publishing Ltd}
}

@online{cephdoc,
title={Documentation},
institution={Ceph},
url={http://docs.ceph.com/docs/master/},
date={2016}
}

@online{cephguide,
title={Ceph -- Hands-on guide},
author={Alan Johnson},
url={https://alanxelsys.com/ceph-hands-on-guide/}}

@online{cephslide,
institution={InkTank},
date={2014-05-30},
title={Ceph Essentials},
url={http://storageconference.us/2014/Presentations/Tutorial-CEPH.pdf}
}

@online{cephhot,
title={Ceph Is A Hot Storage Solution -- But Why?},
author={John F. Kim},
date={24-06-2015},
url={http://www.mellanox.com/blog/2015/06/ceph-is-a-hot-storage-solution-but-why/}}

@online{cepharch,
title={Comprendre les bases de l'architecture de Ceph},
author={Chrisophe Bardy},
url={http://www.lemagit.fr/conseil/Comprendre-les-bases-de-larchitecture-de-Ceph},
year=2016,
month=06}

@article{lm1,
title={Presentation et installation du systeme de stockage reparti Ceph},
journal={Linux Magazine},
number={179},
pages={32},
author={Olivier Delhomme},
year={2015}
}

@article{lm2,
title={Utilisez Ceph, le systeme de fichiers distribue haute performance},
journal={Linux Magazine},
number={180},
pages={30},
author={Olivier Delhomme},
year={2015}
}
